@article{mallea2014,
  author  = {Mallea, T. and Maria, I.},
  title   = {Situación actual y prioridades básicas de la seguridad alimentaria nutricional en Bolivia},
  journal = {CienciAgro},
  year    = {2014},
  volume  = {4},
  number  = {1}
}

@misc{ine2023,
  author       = {{Instituto Nacional de Estadística}},
  title        = {Encuesta de Hogares 2023},
  year         = {2023},
  howpublished = {\url{https://www.ine.gob.bo/index.php/estadisticas-sociales/vivienda-y-servicios-basicos/encuestas-de-hogares-vivienda/}},
  note         = {La Paz, Bolivia},
  institution  = {INE Bolivia}
}

@misc{fao2024,
  author       = {{Organización de las Naciones Unidas para la Alimentación y la Agricultura}},
  title        = {Sitio oficial de la FAO},
  year         = {2024},
  howpublished = {\url{https://www.fao.org/home/es}},
  note         = {Consultado el 10 de junio de 2025}
}

@misc{data4diets2023,
  title        = {Data4Diets: Building Blocks for Diet-related Food Security Analysis, Version 2.0},
  year         = {2023},
  institution  = {Tufts University},
  address      = {Boston, MA},
  howpublished = {\url{https://inddex.nutrition.tufts.edu/data4diets}},
  note         = {Consultado el 10 de junio de 2025}
}
@misc{unods2025,
  author       = {{Organización de las Naciones Unidas}},
  title        = {Objetivos de Desarrollo Sostenible},
  year         = {2025},
  howpublished = {\url{https://www.un.org/sustainabledevelopment/es/objetivos-de-desarrollo-sostenible/}},
  note         = {Consultado el 10 de junio de 2025},
  institution  = {ONU}
}
@misc{fao2011,
  author       = {FAO},
  title        = {Una introducción a los conceptos básicos de la seguridad alimentaria},
  year         = {2011},
  institution  = {Organización de las Naciones Unidas para la Agricultura y la Alimentación},
  address      = {Roma},
  url          = {https://www.fao.org/4/al936s/al936s00.pdf},
  note         = {Accedido el 10 de junio de 2025}
}